<record><leader>00000cas a2200000 a 4500</leader><controlfield tag="001">10906085</controlfield><controlfield tag="008">840702c19719999nyudn ne      0   a0eng c</controlfield><datafield ind1=" " ind2=" " tag="010"><subfield code="a">sn 84031170 </subfield></datafield><datafield ind1=" " ind2=" " tag="040"><subfield code="a">NYG</subfield><subfield code="b">eng</subfield><subfield code="c">NYG</subfield><subfield code="d">NPX</subfield><subfield code="d">NSD</subfield><subfield code="d">NYS</subfield><subfield code="d">OCLCQ</subfield><subfield code="d">OCLCF</subfield><subfield code="d">OCLCO</subfield></datafield><datafield ind1=" " ind2=" " tag="012"><subfield code="l">1</subfield><subfield code="m">1</subfield></datafield><datafield ind1="1" ind2=" " tag="022"><subfield code="a">0893-5149</subfield><subfield code="l">0893-5149</subfield><subfield code="2">1</subfield></datafield><datafield ind1=" " ind2=" " tag="032"><subfield code="a">403900</subfield><subfield code="b">USPS</subfield></datafield><datafield ind1=" " ind2=" " tag="037"><subfield code="b">Park Newspapers of St. Lawrence, Inc., PO Box 409, Ogdensburg, NY 13669</subfield></datafield><datafield ind1=" " ind2=" " tag="042"><subfield code="a">pcc</subfield><subfield code="a">nsdp</subfield></datafield><datafield ind1=" " ind2=" " tag="043"><subfield code="a">n-us-ny</subfield></datafield><datafield ind1="0" ind2=" " tag="130"><subfield code="a">Journal (Ogdensburg, N.Y.)</subfield></datafield><datafield ind1=" " ind2="4" tag="222"><subfield code="a">The Journal</subfield><subfield code="b">(Ogdensburg, N.Y.)</subfield></datafield><datafield ind1="0" ind2="4" tag="245"><subfield code="a">The journal.</subfield></datafield><datafield ind1="1" ind2=" " tag="246"><subfield code="i">Sometimes published with the Daily courier-observer as:</subfield><subfield code="a">Journal-courier-observer.</subfield></datafield><datafield ind1="3" ind2="0" tag="246"><subfield code="a">Journal courier observer</subfield></datafield><datafield ind1="1" ind2=" " tag="246"><subfield code="i">Issued with the Daily courier-observer and the Malone telegram as:</subfield><subfield code="a">Journal courier telegram</subfield><subfield code="f">Jan. 9, 1998</subfield></datafield><datafield ind1="1" ind2=" " tag="246"><subfield code="i">Issued with the Daily courier-observer as:</subfield><subfield code="a">Journal-courier</subfield><subfield code="f">Jan. 12, 1998</subfield></datafield><datafield ind1="3" ind2="0" tag="246"><subfield code="a">Journal courier</subfield></datafield><datafield ind1="1" ind2=" " tag="246"><subfield code="i">Issued with the Daily courier-observer as:</subfield><subfield code="a">Journal daily courier-observer</subfield><subfield code="f">Jan. 13, 1998</subfield></datafield><datafield ind1="3" ind2="0" tag="246"><subfield code="a">Journal daily courier observer</subfield></datafield><datafield ind1=" " ind2=" " tag="260"><subfield code="a">Ogdensburg, N.Y. :</subfield><subfield code="b">Northern New York Pub. Co., Inc.,</subfield><subfield code="c">1971-</subfield></datafield><datafield ind1=" " ind2=" " tag="300"><subfield code="a">v. :</subfield><subfield code="b">ill.</subfield></datafield><datafield ind1=" " ind2=" " tag="310"><subfield code="a">Daily (except Saturday and Sunday)</subfield></datafield><datafield ind1="0" ind2=" " tag="362"><subfield code="a">Vol. 26, no. 3370 (June 7, 1971)-</subfield></datafield><datafield ind1=" " ind2=" " tag="500"><subfield code="a">Publisher varies: Park Newspapers of St. Lawrence, Inc., &lt;Mar. 4, 1987&gt;-   .</subfield></datafield><datafield ind1=" " ind2=" " tag="530"><subfield code="a">Available on microfilm from Campbell Microfilming.</subfield></datafield><datafield ind1=" " ind2="0" tag="651"><subfield code="a">Ogdensburg (N.Y.)</subfield><subfield code="v">Newspapers.</subfield></datafield><datafield ind1=" " ind2="0" tag="651"><subfield code="a">Saint Lawrence County (N.Y.)</subfield><subfield code="v">Newspapers.</subfield></datafield><datafield ind1=" " ind2="7" tag="655"><subfield code="a">Newspapers.</subfield><subfield code="2">fast</subfield><subfield code="0">(OCoLC)fst01423814</subfield></datafield><datafield ind1=" " ind2="7" tag="651"><subfield code="a">New York (State)</subfield><subfield code="z">Ogdensburg.</subfield><subfield code="2">fast</subfield><subfield code="0">(OCoLC)fst01205287</subfield></datafield><datafield ind1=" " ind2="7" tag="651"><subfield code="a">New York (State)</subfield><subfield code="z">Saint Lawrence County.</subfield><subfield code="2">fast</subfield><subfield code="0">(OCoLC)fst01202920</subfield></datafield><datafield ind1=" " ind2=" " tag="752"><subfield code="a">United States</subfield><subfield code="b">New York</subfield><subfield code="c">Saint Lawrence</subfield><subfield code="d">Ogdensburg.</subfield></datafield><datafield ind1="0" ind2="0" tag="780"><subfield code="t">Ogdensburg journal (Ogdensburg, N.Y. : 1932)</subfield><subfield code="w">(DLC)sn 84031165</subfield><subfield code="w">(OCoLC)10906047</subfield></datafield></record>